<record><leader>00000cas a2200000 a 4500</leader><controlfield tag="001">47220667</controlfield><controlfield tag="008">010629d19481955cauwr ne      0    0eng c</controlfield><datafield ind1=" " ind2=" " tag="010"><subfield code="a">sn2001060513</subfield></datafield><datafield ind1=" " ind2=" " tag="040"><subfield code="a">CNK</subfield><subfield code="b">eng</subfield><subfield code="c">CNK</subfield><subfield code="d">OCLCQ</subfield><subfield code="d">OCLCF</subfield><subfield code="d">OCLCO</subfield></datafield><datafield ind1="1" ind2=" " tag="029"><subfield code="a">AU@</subfield><subfield code="b">000022802351</subfield></datafield><datafield ind1=" " ind2=" " tag="042"><subfield code="a">pcc</subfield></datafield><datafield ind1=" " ind2=" " tag="043"><subfield code="a">n-us-ca</subfield></datafield><datafield ind1="0" ind2=" " tag="130"><subfield code="a">Globe-herald (Costa Mesa, Calif. : 1948)</subfield></datafield><datafield ind1="1" ind2="0" tag="245"><subfield code="a">Globe-herald.</subfield></datafield><datafield ind1=" " ind2=" " tag="260"><subfield code="a">Costa Mesa, Orange County, Calif. :</subfield><subfield code="b">David E. Ring</subfield></datafield><datafield ind1=" " ind2=" " tag="300"><subfield code="a">v.</subfield></datafield><datafield ind1=" " ind2=" " tag="310"><subfield code="a">Weekly</subfield></datafield><datafield ind1="0" ind2=" " tag="362"><subfield code="a">Vol. 25, no. 23 (July 9, 1948)-v. 32, no. 6 (Mar. 3, 1955).</subfield></datafield><datafield ind1=" " ind2="0" tag="651"><subfield code="a">Costa Mesa (Calif.)</subfield><subfield code="v">Newspapers.</subfield></datafield><datafield ind1=" " ind2="7" tag="655"><subfield code="a">Newspapers.</subfield><subfield code="2">fast</subfield><subfield code="0">(OCoLC)fst01423814</subfield></datafield><datafield ind1=" " ind2="7" tag="651"><subfield code="a">California</subfield><subfield code="z">Costa Mesa.</subfield><subfield code="2">fast</subfield><subfield code="0">(OCoLC)fst01217487</subfield></datafield><datafield ind1=" " ind2=" " tag="752"><subfield code="a">United States</subfield><subfield code="b">California</subfield><subfield code="c">Orange</subfield><subfield code="d">Costa Mesa.</subfield></datafield><datafield ind1="0" ind2="0" tag="780"><subfield code="t">Costa Mesa globe-herald (Costa Mesa, Calif. : 1936)</subfield><subfield code="w">(DLC)sn2001060512</subfield></datafield><datafield ind1="0" ind2="0" tag="785"><subfield code="t">Costa Mesa globe-herald (Costa Mesa, Calif. : 1955)</subfield><subfield code="w">(DLC)sn2001060514</subfield></datafield></record>